@article{rml-paper,
         author="Philippe Audebaud and Christne Paulin-Mohring",
		 title="Proofs of randomized algorithms in Coq",
		 journal="Science of Computer Programming",
		 pages="568-589",
		 number="74",
		 year="2009"
}

@article{easy-crypt,
         author="Gille Barthe and François Dupressoir and Benjamin Grégoire and Benedikt Schmidt and pierre-Yves Strub",
		 title="Computer-aided cyprotgraphy: some tools and applications", 
		 journal="Proc. All about Proofs, Proofs for All",
		 year="2014"
}

@misc{haskell,
      title="Haskell/Denotational semantics",
	  howpublished="https://en.wikibooks.org/wiki/Haskell/\\Denotational\_semantics\#Recursive\_Definitions\_as\_Fixed\_Point\_Iterations"
}

@article{milner,
         author="Robin Milner",
		 title="A Theory of Type Polymorphism in Programming",
		 journal="Journal of Computer and System Sciences",
		 pages="348-375",
		 number="17",
		 year="1978"
}

@misc{wiki-measure,
      title="Measure (mathematics)",
      howpublished="\\https://en.wikipedia.org/wiki/Measure\_(mathematics)"
}